<record><leader>00000cas a2200000 a 4500</leader><controlfield tag="001">7794485</controlfield><controlfield tag="008">810925d18271830pauwr ne      0   a0eng d</controlfield><datafield ind1=" " ind2=" " tag="010"><subfield code="a">sn 91063205 </subfield></datafield><datafield ind1=" " ind2=" " tag="040"><subfield code="a">NYG</subfield><subfield code="b">eng</subfield><subfield code="c">NYG</subfield><subfield code="d">DLC</subfield><subfield code="d">NVH</subfield><subfield code="d">KNP</subfield><subfield code="d">OCL</subfield><subfield code="d">GUA</subfield><subfield code="d">DLC</subfield><subfield code="d">OCLCF</subfield><subfield code="d">OCLCO</subfield></datafield><datafield ind1=" " ind2=" " tag="019"><subfield code="a">39942686</subfield><subfield code="a">41005581</subfield></datafield><datafield ind1=" " ind2=" " tag="042"><subfield code="a">msc</subfield></datafield><datafield ind1=" " ind2=" " tag="092"><subfield code="a">051</subfield><subfield code="b">qP54</subfield></datafield><datafield ind1="0" ind2="0" tag="245"><subfield code="a">Philadelphia album and ladies' literary gazette.</subfield></datafield><datafield ind1="0" ind2="3" tag="246"><subfield code="a">Philadelphia album</subfield></datafield><datafield ind1="3" ind2=" " tag="246"><subfield code="a">Ladies' literary gazette</subfield></datafield><datafield ind1=" " ind2=" " tag="260"><subfield code="a">Philadelphia :</subfield><subfield code="b">[Thomas C. Clarke],</subfield><subfield code="c">1827-1830.</subfield></datafield><datafield ind1=" " ind2=" " tag="300"><subfield code="a">v.</subfield></datafield><datafield ind1=" " ind2=" " tag="310"><subfield code="a">Weekly</subfield></datafield><datafield ind1="0" ind2=" " tag="362"><subfield code="a">Vol. 2, no. 1 (June 6, 1827)-v. 4, no. 27 (July 3, 1830).</subfield></datafield><datafield ind1=" " ind2=" " tag="530"><subfield code="a">Also available on microfilm and online.</subfield></datafield><datafield ind1=" " ind2="0" tag="651"><subfield code="a">Philadelphia (Pa.)</subfield><subfield code="v">Newspapers.</subfield></datafield><datafield ind1=" " ind2="7" tag="655"><subfield code="a">Newspapers.</subfield><subfield code="2">fast</subfield><subfield code="0">(OCoLC)fst01423814</subfield></datafield><datafield ind1=" " ind2="7" tag="651"><subfield code="a">Pennsylvania</subfield><subfield code="z">Philadelphia.</subfield><subfield code="2">fast</subfield><subfield code="0">(OCoLC)fst01204170</subfield></datafield><datafield ind1="1" ind2=" " tag="776"><subfield code="t">Philadelphia album, and ladies' literary gazette</subfield><subfield code="w">(DLC)sf 89091735</subfield><subfield code="w">(OCoLC)10188301</subfield></datafield><datafield ind1="1" ind2=" " tag="776"><subfield code="t">Philadelphia album, and ladies' literary gazette (Online)</subfield><subfield code="w">(DLC)  2008233278</subfield><subfield code="w">(OCoLC)71153912</subfield></datafield><datafield ind1="0" ind2="0" tag="780"><subfield code="t">Album, and ladies' weekly gazette</subfield><subfield code="x">2154-8609</subfield><subfield code="w">(DLC)  2010204430</subfield><subfield code="w">(OCoLC)7794492</subfield></datafield><datafield ind1="0" ind2="0" tag="785"><subfield code="t">Philadelphia album and ladies' literary port folio</subfield><subfield code="w">(DLC)sn 97066546</subfield><subfield code="w">(OCoLC)7794497</subfield></datafield><datafield ind1="0" ind2="8" tag="776"><subfield code="i">Online version:</subfield><subfield code="t">Philadelphia album and ladies' literary gazette</subfield><subfield code="w">(OCoLC)820751232</subfield></datafield><datafield ind1="4" ind2="1" tag="856"><subfield code="u">http://proquest.umi.com/pqdweb</subfield></datafield><datafield ind1=" " ind2=" " tag="936"><subfield code="a">June 6, 1827</subfield></datafield></record>